@techreport{estv2013,
	address = {Bern},
	title={Die Erbschafts- und Schenkungssteuern},
	institution = {Eidgen√∂ssische Steuerverwaltung},
	author = {{ESTV}},
	year = {2013}
}

@Misc{jann2014,
  author =       {Jann, Ben and Fluder, Robert},
  title =        {Trends in Wealth Inequality in Switzerland},
  year =         {2014},
  note =         {University of Neuchatel: International Conference on Inequality in Switzerland, 23-25 October 2014. Presentation},
  url =			 {http://inequalities.ch/wp-content/uploads/2014/10/Wealth-Inequality.pdf}
}